@article{sun2021review,
	title={Review and potential for artificial intelligence in healthcare},
	author={Sun, Lina and Gupta, Rajiv Kumar and Sharma, Amit},
	journal={International Journal of System Assurance Engineering and Management},
	pages={1--9},
	year={2021},
	publisher={Springer}
}

@misc{haidekker2013medical,
	title={Medical imaging technology},
	author={Haidekker, Mark A},
	year={2013},
	publisher={Springer}
}

@book{kak2001principles,
	title={Principles of computerized tomographic imaging},
	author={Kak, Avinash C and Slaney, Malcolm},
	year={2001},
	publisher={SIAM}
}

@article{ali2008signal,
	title={Signal processing overview of ultrasound systems for medical imaging},
	author={Ali, Murtaza and Magee, Dave and Dasgupta, Udayan},
	journal={SPRAB12, Texas Instruments, Texas},
	year={2008}
}

@incollection{deserno2011fundamentals,
	title={Fundamentals of medical image processing},
	author={Deserno, Thomas M},
	booktitle={Springer Handbook of Medical Technology},
	pages={1139--1165},
	year={2011},
	publisher={Springer}
}

@book{bankman2008handbook,
	title={Handbook of medical image processing and analysis},
	author={Bankman, Isaac},
	year={2008},
	publisher={Elsevier}
}

@book{miller2011biomechanics,
	title={Biomechanics of the Brain},
	author={Miller, Karol},
	year={2011},
	publisher={Springer}
}

@book{brown2017medical,
	title={Medical Physics and Biomedical Engineering: Medical Science Series},
	author={Brown, Brian H and Smallwood, Rod H and Barber, David C and Lawford, PV and Hose, DR},
	year={2017},
	publisher={CRC Press}
}

@book{toennies2017guide,
	title={Guide to medical image analysis},
	author={Toennies, Klaus D},
	year={2017},
	publisher={Springer}
}

@article{grady2006random,
	title={Random walks for image segmentation},
	author={Grady, Leo},
	journal={IEEE transactions on pattern analysis and machine intelligence},
	volume={28},
	number={11},
	pages={1768--1783},
	year={2006},
	publisher={IEEE}
}

@article{kollem2018image,
	title={Image denoising by using modified SGHP algorithm},
	author={Kollem, Sreedhar and Reddy, K Rama Linga and Rao, D Sreenivasa},
	journal={International Journal of Electrical and Computer Engineering},
	volume={8},
	number={2},
	pages={971},
	year={2018},
	publisher={IAES Institute of Advanced Engineering and Science}
}

@article{liu2014survey,
	title={A survey of MRI-based brain tumor segmentation methods},
	author={Liu, Jin and Li, Min and Wang, Jianxin and Wu, Fangxiang and Liu, Tianming and Pan, Yi},
	journal={Tsinghua science and technology},
	volume={19},
	number={6},
	pages={578--595},
	year={2014},
	publisher={TUP}
}

@article{aksam2014robust,
	title={Robust brain MRI denoising and segmentation using enhanced non-local means algorithm},
	author={Aksam Iftikhar, Muhammad and Jalil, Abdul and Rathore, Saima and Hussain, Mutawarra},
	journal={International journal of imaging systems and technology},
	volume={24},
	number={1},
	pages={52--66},
	year={2014},
	publisher={Wiley Online Library}
}

@article{saladi2017analysis,
	title={Analysis of denoising filters on MRI brain images},
	author={Saladi, Saritha and Amutha Prabha, N},
	journal={International Journal of Imaging Systems and Technology},
	volume={27},
	number={3},
	pages={201--208},
	year={2017},
	publisher={Wiley Online Library}
}

@article{article,
	author = {Hamad, Yousif and Simonov, Konstantin and Naeem, Mohammad},
	year = {2019},
	month = {01},
	pages = {45-60},
	title = {Detection of Brain Tumor in MRI Images, Using a Combination of Fuzzy C-Means and Thresholding},
	volume = {11},
	journal = {International Journal of Advanced Pervasive and Ubiquitous Computing},
	doi = {10.4018/IJAPUC.2019010104}
}

@article{bavirisetti2017fusion,
	title={Fusion of MRI and CT images using guided image filter and image statistics},
	author={Bavirisetti, Durga Prasad and Kollu, Vijayakumar and Gang, Xiao and Dhuli, Ravindra},
	journal={International journal of Imaging systems and Technology},
	volume={27},
	number={3},
	pages={227--237},
	year={2017},
	publisher={Wiley Online Library}
}

@article{liu2018convex,
	title={Convex MR brain image reconstruction via non-convex total variation minimization},
	author={Liu, Yilin and Du, Huiqian and Wang, Zexian and Mei, Wenbo},
	journal={International Journal of Imaging Systems and Technology},
	volume={28},
	number={4},
	pages={246--253},
	year={2018},
	publisher={Wiley Online Library}
}

@article{kwon2016multi,
	title={Multi-contrast MR image denoising for parallel imaging using multilayer perceptron},
	author={Kwon, Kinam and Kim, Dongchan and Park, HyunWook},
	journal={International Journal of Imaging Systems and Technology},
	volume={26},
	number={1},
	pages={65--75},
	year={2016},
	publisher={Wiley Online Library}
}

@article{chen2016denoising,
	title={Denoising magnetic resonance images using collaborative non-local means},
	author={Chen, Geng and Zhang, Pei and Wu, Yafeng and Shen, Dinggang and Yap, Pew-Thian},
	journal={Neurocomputing},
	volume={177},
	pages={215--227},
	year={2016},
	publisher={Elsevier}
}

@article{fenshia2017machine,
	title={A machine learning approach for brain image enhancement and segmentation},
	author={Fenshia Singh, J and Magudeeswaran, V},
	journal={International Journal of Imaging Systems and Technology},
	volume={27},
	number={4},
	pages={311--316},
	year={2017},
	publisher={Wiley Online Library}
}

@article{rafsanjani2016efficient,
	title={Efficient diffusion coefficient for image denoising},
	author={Rafsanjani, Hossein Khodabakhshi and Sedaaghi, Mohammad Hossein and Saryazdi, Saeid},
	journal={Computers \& Mathematics with Applications},
	volume={72},
	number={4},
	pages={893--903},
	year={2016},
	publisher={Elsevier}
}

@article{zhang2016image,
	title={Image denoising by using PDE and GCV in tetrolet transform domain},
	author={Zhang, Changjiang and Chen, Yuan and Duanmu, Chunjiang and Yang, Yinhuan},
	journal={Engineering Applications of Artificial Intelligence},
	volume={48},
	pages={204--229},
	year={2016},
	publisher={Elsevier}
}

@article{liu2016hybrid,
	title={Hybrid regularizers-based adaptive anisotropic diffusion for image denoising},
	author={Liu, Kui and Tan, Jieqing and Ai, Liefu},
	journal={SpringerPlus},
	volume={5},
	number={1},
	pages={1--24},
	year={2016},
	publisher={SpringerOpen}
}

@article{alagarsamy2017fully,
	title={A fully automated hybrid methodology using C uckoo-based fuzzy clustering technique for magnetic resonance brain image segmentation},
	author={Alagarsamy, Saravanan and Kamatchi, Kartheeban and Govindaraj, Vishnuvarthanan and Thiyagarajan, Arunprasath},
	journal={International journal of Imaging systems and technology},
	volume={27},
	number={4},
	pages={317--332},
	year={2017},
	publisher={Wiley Online Library}
}

@book{anzai2012pattern,
	title={Pattern recognition and machine learning},
	author={Anzai, Yuichiro},
	year={2012},
	publisher={Elsevier}
}

@article{lin2012multispectral,
	title={Multispectral MR images segmentation based on fuzzy knowledge and modified seeded region growing},
	author={Lin, Geng-Cheng and Wang, Wen-June and Kang, Chung-Chia and Wang, Chuin-Mu},
	journal={Magnetic resonance imaging},
	volume={30},
	number={2},
	pages={230--246},
	year={2012},
	publisher={Elsevier}
}

@incollection{wong2005medical,
	title={Medical image segmentation: methods and applications in functional imaging},
	author={Wong, Koon-Pong},
	booktitle={Handbook of biomedical image analysis},
	pages={111--182},
	year={2005},
	publisher={Springer}
}

@inproceedings{brosch2015deep,
	title={Deep convolutional encoder networks for multiple sclerosis lesion segmentation},
	author={Brosch, Tom and Yoo, Youngjin and Tang, Lisa YW and Li, David KB and Traboulsee, Anthony and Tam, Roger},
	booktitle={International conference on medical image computing and computer-assisted intervention},
	pages={3--11},
	year={2015},
	organization={Springer}
}

@inproceedings{chen2016iterative,
	title={Iterative multi-domain regularized deep learning for anatomical structure detection and segmentation from ultrasound images},
	author={Chen, Hao and Zheng, Yefeng and Park, Jin-Hyeong and Heng, Pheng-Ann and Zhou, S Kevin},
	booktitle={International Conference on Medical image computing and computer-assisted intervention},
	pages={487--495},
	year={2016},
	organization={Springer}
}

@article{havaei2017brain,
	title={Brain tumor segmentation with deep neural networks},
	author={Havaei, Mohammad and Davy, Axel and Warde-Farley, David and Biard, Antoine and Courville, Aaron and Bengio, Yoshua and Pal, Chris and Jodoin, Pierre-Marc and Larochelle, Hugo},
	journal={Medical image analysis},
	volume={35},
	pages={18--31},
	year={2017},
	publisher={Elsevier}
}

@article{mohsen2018classification,
	title={Classification using deep learning neural networks for brain tumors},
	author={Mohsen, Heba and El-Dahshan, El-Sayed A and El-Horbaty, El-Sayed M and Salem, Abdel-Badeeh M},
	journal={Future Computing and Informatics Journal},
	volume={3},
	number={1},
	pages={68--71},
	year={2018},
	publisher={Elsevier}
}

@article{guo1991balance,
	title={Balance contrast enhancement technique and its application in image colour composition},
	author={Guo, Liu Jian},
	journal={Remote Sensing},
	volume={12},
	number={10},
	pages={2133--2151},
	year={1991},
	publisher={Taylor \& Francis}
}

@online{CourseraOnlineCourse1,
	title = "\href{https://www.coursera.org/account/accomplishments/verify/6HZC2G89K6BB}{Coursera Online Certificates: Computer Vision Basics}",
	url  = "https://www.coursera.org/account/accomplishments/verify/6HZC2G89K6BB"
}

@online{CourseraOnlineCourse2,
	title = "\href{https://www.coursera.org/account/accomplishments/verify/VCKAQ39QNZ8G}{Coursera Online Certificates: Image and Video Processing: From Mars to Hollywood with a Stop at the Hospital}",
	url  = "https://www.coursera.org/account/accomplishments/verify/VCKAQ39QNZ8G"
}

@online{CourseraOnlineCourse3,
	title = "\href{https://www.coursera.org/account/accomplishments/verify/78N6VPZKARLH}{Coursera Online Certificates: Introduction to Machine Learning}",
	url  = "https://www.coursera.org/account/accomplishments/verify/78N6VPZKARLH"
}


@online{NptelOnlineCourse,
	title = "\href{https://nptel.ac.in/courses/108/105/108105091/}{NPTEL: Medical Image Analysis Online course}",
	url  = "https://nptel.ac.in/courses/108/105/108105091/"
}

@online{ZeissMicroscopyOnline,
	title = "\href{http://zeiss-campus.magnet.fsu.edu/tutorials/}{Carl Zeiss Microscopy Online Campus}",
	url  = "http://zeiss-campus.magnet.fsu.edu/tutorials/"
}

@online{TartuImageCourse,
	title = "\href{https://sisu.ut.ee/imageprocessing/avaleht}{University of Tartu: Digital Image Processing Course}",
	url  = "https://sisu.ut.ee/imageprocessing/avaleht"
}

@online{OpenCVTutorial,
	title = "\href{https://docs.opencv.org/master/d9/df8/tutorial_root.html}{Open Source Computer Vision (OpenCV) Tutorials}",
	url  = "https://docs.opencv.org/master/d9/df8/tutorial_root.html"
}

@online{UdemyCourse,
	title = "\href{https://www.udemy.com/course/python-for-computer-vision-with-opencv-and-deep-learning/}{Udemy Online Courses: Python for Computer Vision with OpenCV and Deep Learning}",
	url  = "https://www.udemy.com/course/python-for-computer-vision-with-opencv-and-deep-learning/"
}

@online{EmerjAIResearch,
	title = "\href{https://emerj.com/ai-glossary-terms/what-is-machine-learning/}{Emerj Artificial Intelligence Research: What is Machine Learning?}",
	url  = "https://emerj.com/ai-glossary-terms/what-is-machine-learning/"
}

@online{ExpertAI,
	title = "\href{https://www.expert.ai/blog/machine-learning-definition/}{Expert.ai Platform: machine learning definition}",
	url  = "https://www.expert.ai/blog/machine-learning-definition/"
}

@online{ResearchHUB,
	title = "\href{http://researchhubs.com/post/ai/fundamentals/fuzzy-c-means.html}{Research HUB: Fuzzy c-Means}",
	url  = "http://researchhubs.com/post/ai/fundamentals/fuzzy-c-means.html"
}

@online{ImageProcessing,
	title = "\href{https://www.imageeprocessing.com/2017/11/balance-contrast-enhancementtechnique.html}{Image Processing documents and codes: Balance Contrast Enhancement Technique}",
	url  = "https://www.imageeprocessing.com/2017/11/balance-contrast-enhancementtechnique.html"
}

@online{ResearchHUB,
	title = "\href{http://researchhubs.com/post/ai/fundamentals/fuzzy-c-means.html}{Research HUB: Fuzzy c-Means}",
	url  = "http://researchhubs.com/post/ai/fundamentals/fuzzy-c-means.html"
}

@online{MediumMedianFilter,
	title = "\href{https://medium.com/@florestony5454/median-filtering-with-python-and-opencv-2bce390be0d1}{Medium articles: Median Filtering with Python and OpenCV}",
	url  = "https://medium.com/@florestony5454/median-filtering-with-python-and-opencv-2bce390be0d1"
}

@online{MediumOtsuThreshold,
	title = "\href{https://hbyacademic.medium.com/otsu-thresholding-4337710dc519}{Medium articles: Otsu thresholding(image binarization)}",
	url  = "https://hbyacademic.medium.com/otsu-thresholding-4337710dc519"
}

@online{SciKitFuzzy,
	title = "\href{https://pythonhosted.org/scikit-fuzzy/overview.html}{SciKit-Fuzzy Python Library Documentation and Tutorials}",
	url  = "https://pythonhosted.org/scikit-fuzzy/overview.html"
}

@online{KaggleData,
	title = "\href{https://www.kaggle.com/navoneel/brain-mri-images-for-brain-tumor-detection}{Kaggle Datasets: Brain MRI Images for Brain Tumor Detection}",
	url  = "https://www.kaggle.com/navoneel/brain-mri-images-for-brain-tumor-detection"
}

@online{KaggleData2,
	title = "\href{https://www.kaggle.com/basheersaeed/alzheimers-brain-mri}{Kaggle Datasets: Alzheimers Brain MRI}",
	url  = "https://www.kaggle.com/basheersaeed/alzheimers-brain-mri"
}

@online{KaggleData3,
	title = "\href{https://www.kaggle.com/andrewmvd/mosmed-covid19-ct-scans}{Kaggle Datasets: Mosmed COVID-19 CT Scans
	(1000 CT scans of healthy and COVID-19 confirmed patients.)}",
	url  = "https://www.kaggle.com/andrewmvd/mosmed-covid19-ct-scans"
}

@online{Mathwork,
	title = "\href{https://www.mathworks.com/matlabcentral/answers/233674-why-an-image-is-converted-to-double-using-i-im2double-i-in-matlab}{Mathworks Answers: Why an image is converted to double using I=im2double(I); in matlab?}",
	url  = "https://www.mathworks.com/matlabcentral/answers/233674-why-an-image-is-converted-to-double-using-i-im2double-i-in-matlab"
}

@online{TowardsDataScience,
	title = "\href{https://towardsdatascience.com/image-segmentation-part-1-9f3db1ac1c50}{Towards Data Science: Image Segmentation}",
	url  = "https://towardsdatascience.com/image-segmentation-part-1-9f3db1ac1c50"
}

@online{VisionReport,
	title = "\href{https://www.grandviewresearch.com/industry-analysis/machine-vision-market}{Machine Vision Market Size, Share & Trends Analysis Report}",
	url  = "https://www.grandviewresearch.com/industry-analysis/machine-vision-market"
}
